<record><leader>00000cas a22000007a 4500</leader><controlfield tag="001">25422687</controlfield><controlfield tag="008">920310d196419uunyumr ne      0    0eng d</controlfield><datafield ind1=" " ind2=" " tag="010"><subfield code="a">sn 92061494 </subfield></datafield><datafield ind1=" " ind2=" " tag="040"><subfield code="a">NYS</subfield><subfield code="b">eng</subfield><subfield code="c">NYS</subfield><subfield code="d">OCLCQ</subfield></datafield><datafield ind1=" " ind2=" " tag="042"><subfield code="a">msc</subfield></datafield><datafield ind1="0" ind2="0" tag="245"><subfield code="a">Mid-county mart.</subfield></datafield><datafield ind1=" " ind2=" " tag="260"><subfield code="a">Stanfordville, N.Y. :</subfield><subfield code="b">BAG Press</subfield></datafield><datafield ind1=" " ind2=" " tag="300"><subfield code="a">v.</subfield></datafield><datafield ind1=" " ind2=" " tag="310"><subfield code="a">Monthly</subfield></datafield><datafield ind1="1" ind2=" " tag="362"><subfield code="a">Began in 1964?</subfield></datafield><datafield ind1=" " ind2=" " tag="500"><subfield code="a">Editor: Elizabeth R. Williams, &lt;1966-1977&gt;.</subfield></datafield><datafield ind1=" " ind2=" " tag="588"><subfield code="a">Description based on: Vol. 3, no. 1 (Jan. 1966).</subfield></datafield><datafield ind1=" " ind2="4" tag="651"><subfield code="a">Stanfordville (N.Y.)</subfield><subfield code="v">Newspapers.</subfield></datafield><datafield ind1=" " ind2="4" tag="651"><subfield code="a">Dutchess County (N.Y.)</subfield><subfield code="v">Newspapers.</subfield></datafield><datafield ind1=" " ind2=" " tag="752"><subfield code="a">United States</subfield><subfield code="b">New York</subfield><subfield code="c">Dutchess</subfield><subfield code="d">Stanfordville.</subfield></datafield></record>